@article{skiplist,
author = {Pugh, William},
title = {Skip Lists: A Probabilistic Alternative to Balanced Trees},
year = {1990},
issue_date = {June 1990},
publisher = {Association for Computing Machinery},
address = {New York, NY, USA},
volume = {33},
number = {6},
issn = {0001-0782},
url = {https://doi.org/10.1145/78973.78977},
doi = {10.1145/78973.78977},
abstract = {Skip lists are data structures that use probabilistic balancing rather than strictly enforced balancing. As a result, the algorithms for insertion and deletion in skip lists are much simpler and significantly faster than equivalent algorithms for balanced trees.},
journal = {Commun. ACM},
month = {jun},
pages = {668â€“676},
numpages = {9},
keywords = {data structures, trees, searching}
}

@article{improvements,
  author       = {Jesper Larsson Tr{\"{a}}ff and
                  Manuel P{\"{o}}ter},
  title        = {A more Pragmatic Implementation of the Lock-free, Ordered, Linked
                  List},
  journal      = {CoRR},
  volume       = {abs/2010.15755},
  year         = {2020},
  url          = {https://arxiv.org/abs/2010.15755},
  eprinttype    = {arXiv},
  eprint       = {2010.15755},
  timestamp    = {Tue, 03 Nov 2020 11:44:23 +0100},
  biburl       = {https://dblp.org/rec/journals/corr/abs-2010-15755.bib},
  bibsource    = {dblp computer science bibliography, https://dblp.org}
}


@article{python_lock,
  author       = {P23},
  title        = {Initialization, Finalization, and Threads},
  url          = {https://docs.python.org/3/c-api/init.html#thread-state-and-the-global-interpreter-lock},
  timestamp    = {Tue, 18 Jun 2023 17:10:00 +0100},
}